@article{kademlia,
  title={Kademlia: A peer-to-peer information system based on the xor metric},
  author={Maymounkov, P. and Mazieres, D.},
  journal={Peer-to-Peer Systems},
  pages={53--65},
  year={2002},
  publisher={Springer}
}

@inproceedings{tor,
  title={Performance analysis of anonymous communication channels provided by Tor},
  author={Panchenko, A. and Pimenidis, L. and Renner, J.},
  booktitle={Availability, Reliability and Security, 2008. ARES 08. Third International Conference on},
  pages={221--228},
  year={2008},
  organization={IEEE}
}

@inproceedings{i2p,
  title={I2P data communication system},
  author={Zantout, B. and Haraty, R.},
  booktitle={ICN 2011, The Tenth International Conference on Networks},
  pages={401--409},
  year={2011}
}

@article{chord,
  title={Chord: A scalable peer-to-peer lookup service for internet applications},
  author={Stoica, Ion and Morris, Robert and Karger, David and Kaashoek, M Frans and Balakrishnan, Hari},
  journal={ACM SIGCOMM Computer Communication Review},
  volume={31},
  number={4},
  pages={149--160},
  year={2001},
  publisher={ACM}
}
                
